@MISC{TREETANK,
  title = {Treetank},
  author = {Marc Kramis and Sebastian Graf},
  url = {http://treetank.org},
}

@MISC{LFG,
  author = {Doug Arnold},
  title = {Lexical Functional Grammar},
  url = {http://www.essex.ac.uk/linguistics/external/lfg/FAQ/WhatIsLFG.html},
}

@MISC{Docbook,
  author = {Oasis - DocBook Technical Committee},
  title = {Docbook},
  url = {http://www.docbook.org/},
}

@MISC{RollingHash,
  title = {Rolling Hash},
  url = {http://en.wikipedia.org/wiki/Rolling_hash},
}

@MISC{FSML,
  author = {Alexander Holupirek},
  title = {Filesystem Markup Language},
  url = {https://github.com/holu/fsml},
}

@MISC{WikiDump,
  title = {Wikipedia Data dumps},
  author = {Wikimedia},
  url = {http://meta.wikimedia.org/wiki/Data_dumps},
}

@MISC{Wiki2XML,
  title = {Wiki2XML},
  author = {MODIS Team},
  url = {http://www.modis.ispras.ru/texterra/download/wiki2xml.zip},
}

@ARTICLE{zhang1996constrained,
  title={A constrained edit distance between unordered labeled trees},
  author={Zhang, K.},
  journal={Algorithmica},
  volume={15},
  number={3},
  pages={205--222},
  year={1996},
  publisher={Springer}
}

@ARTICLE{cobena2002comparative,
  title={A comparative study for XML change detection},
  author={Cob{\'e}na, G. and Abdessalem, T. and Hinnach, Y.},
  journal={Research Report, INRIA Rocquencourt, France},
  year={2002}
}

@MISC{ANSCOMBE,
  title = {Graphs in Statistical Analysis},
  url = {http://www.jstor.org/discover/10.2307/2682899?uid=3737864&uid=2&uid=4&sid=56171835643},
  author = {F. J. Anscombe},
}

@MISC{Brackit,
  title = {Brackit},
  url = {http://code.google.com/p/brackit/},
  author = {TU Kaiserslautern}
}

@MISC{Bundles,
  title = {Hierarchical Edge Bundles},
  url = {http://www.win.tue.nl/~dholten/papers/bundles_infovis.pdf},
  author = {Danny Holten},
}

@INPROCEEDINGS{wang2003x,
  title={X-Diff: An effective change detection algorithm for XML documents},
  author={Wang, Y. and DeWitt, D.J. and Cai, J.Y.},
  booktitle={Data Engineering, 2003. Proceedings. 19th International Conference on},
  pages={519--530},
  year={2003},
  organization={Ieee}
}

@INPROCEEDINGS{theron2006hierarchical,
  title={Hierarchical-temporal data visualization using a tree-ring metaphor},
  author={Ther{\'o}n, R.},
  booktitle={Smart Graphics},
  pages={70--81},
  year={2006},
  organization={Springer}
}

@INPROCEEDINGS{lindholm2006fast,
  title={Fast and simple XML tree differencing by sequence alignment},
  author={Lindholm, T. and Kangasharju, J. and Tarkoma, S.},
  booktitle={DocEng},
  volume={6},
  pages={75--84},
  year={2006}
}

@INPROCEEDINGS{ishihara2006ripple,
  title={Ripple presentation for tree structures with historical information},
  author={Ishihara, M. and Misue, K. and Tanaka, J.},
  booktitle={Proceedings of the 2006 Asia-Pacific Symposium on Information Visualisation-Volume 60},
  pages={153--160},
  year={2006},
  organization={Australian Computer Society, Inc.}
}

@INPROCEEDINGS{ronnau2009efficient,
  title={Efficient change control of xml documents},
  author={R{\"o}nnau, S. and Philipp, G. and Borghoff, U.M.},
  booktitle={DocEng},
  volume={9},
  pages={3--12},
  year={2009}
}

@MISC{VISUAL_ANALYTICS,
  author = {James J. Thomas and K.A. Cook},
  title = {Illuminating the Path: The R\&D Agenda for Visual Analytics},
  url = {http://nvac.pnl.gov/agenda.stm},
}

@MISC{DELTAXML,
  title = {Delta XML},
  url = {http://www.deltaxml.com},
}

@ARTICLE{keim2008visual,
  title={Visual analytics: Definition, process, and challenges},
  author={Keim, D. and Andrienko, G. and Fekete, J.D. and G{\"o}rg, C. and Kohlhammer, J. and Melan{\c{c}}on, G.},
  journal={Information Visualization},
  pages={154--175},
  year={2008},
  publisher={Springer}
}

@MISC{ZFS,
  title = {Oracle Solaris ZFS},
  url = {http://www.oracle.com/technetwork/server-storage/solaris11/technologies/zfs-338092.html?ssSourceSiteId=ocomen},
}

@MISC{diffxml,
  title = {XMLDiff Report},
  author = {Daniel Hottinger and Franziska Meyer},
  url = {http://archiv.infsec.ethz.ch/education/projects/archive/XMLDiffReport.pdf},
}

@MISC{xmldiff,
  title = {Logilab - xmldiff},
  url = {http://www.logilab.org/859},
}

@MISC{XMark,
  title = {XMark Benchmark},
  url = {http://www.xml-benchmark.org/},
}

@MISC{BASEX,
  title = {BaseX},
  url = {http://basex.org},
}

@MISC{MOORE,
  title = {Moore's Law},
  url = {http://en.wikipedia.org/wiki/Moore's_law},
}

@INPROCEEDINGS{chawathe1996change,
  title={Change detection in hierarchically structured information},
  author={Chawathe, S.S. and Rajaraman, A. and Garcia-Molina, H. and Widom, J.},
  booktitle={ACM SIGMOD Record},
  volume={25},
  number={2},
  pages={493--504},
  year={1996},
  organization={ACM}
}

@INPROCEEDINGS{bremm2011interactive,
  title={Interactive visual comparison of multiple trees},
  author={Bremm, S. and von Landesberger, T. and He{\ss}, M. and Schreck, T. and Weil, P. and Hamacherk, K.},
  booktitle={Visual Analytics Science and Technology (VAST), 2011 IEEE Conference on},
  pages={31--40},
  year={2011},
  organization={IEEE}
}

@INPROCEEDINGS{cobena2002detecting,
  title={Detecting changes in XML documents},
  author={Cobena, G. and Abiteboul, S. and Marian, A.},
  booktitle={Data Engineering, 2002. Proceedings. 18th International Conference on},
  pages={41--52},
  year={2002},
  organization={IEEE}
}

@INPROCEEDINGS{von2011visual,
  title={Visual Analysis of Large Graphs: State-of-the-Art and Future Research Challenges},
  author={von Landesberger, T. and Kuijper, A. and Schreck, T. and Kohlhammer, J. and van Wijk, JJ and Fekete, J.D. and Fellner, DW},
  booktitle={Computer Graphics Forum},
  year={2011},
  organization={Wiley Online Library}
}

@ARTICLE{vilanovatimeradartrees,
  title={TimeRadarTrees: Visualizing Dynamic Compound Digraphs},
  author={Vilanova, A. and Telea, A. and Scheuermann, G. and M{\"o}ller, T.}
}

@ARTICLE{graham2010survey,
  title={A survey of multiple tree visualisation},
  author={Graham, M. and Kennedy, J.},
  journal={Information Visualization},
  volume={9},
  number={4},
  pages={235--252},
  year={2010},
  publisher={SAGE Publications}
}

@INPROCEEDINGS{telea2008code,
  title={Code flows: Visualizing structural evolution of source code},
  author={Telea, A. and Auber, D.},
  booktitle={Computer Graphics Forum},
  volume={27},
  number={3},
  pages={831--838},
  year={2008},
  organization={Wiley Online Library},
}

@ARTICLE{munzner2003treejuxtaposer,
  title={TreeJuxtaposer: scalable tree comparison using Focus+Context with guaranteed visibility},
  author={Munzner, T. and Guimbreti{\`e}re, F. and Tasiran, S. and Zhang, L. and Zhou, Y. Zhou},
  journal={ACM Transactions on Graphics (TOG)},
  volume={22},
  number={3},
  pages={453--462},
  year={2003},
  publisher={ACM},
}

@ARTICLE{tu2007visualizing,
  title={Visualizing changes of hierarchical data using treemaps},
  author={Tu, Y. and Shen, H.W.},
  journal={Visualization and Computer Graphics, IEEE Transactions on},
  volume={13},
  number={6},
  pages={1286--1293},
  year={2007},
  publisher={IEEE}
}

@INPROCEEDINGS{BBF+11,
  author = {Bertini, Enrico and Buchmüller, Juri and Fischer, Fabian and Huber, Stephan and Lindemeier, Thomas and Maaß, Fabian and Mansmann, Florian and Ramm, Thomas and Regenscheit, Michael and Rohrdantz, Christian and Scheible, Christian and Schreck, Tobias and Sellien, Stephan and Stoffel, Florian and Tautzenberger, Mark and Zieker, Matthias and Keim, Daniel A.},
  booktitle = {Proceedings of the IEEE Conference on Visual Analytics Science and Technology (VAST Challenge 2011)},
  title = {{Visual Analytics of Terrorist Activities Related to Epidemics}},
  year = {2011},
}
