@inproceedings{chawathe1996change,
  title={Change detection in hierarchically structured information},
  author={Chawathe, S.S. and Rajaraman, A. and Garcia-Molina, H. and Widom, J.},
  booktitle={Proceedings of the 1996 ACM SIGMOD international conference on Management of data},
  pages={493--504},
  year={1996},
  organization={ACM}
}

@misc{generative-gestaltung,
  title={Generative-Gestalung : Sunburst-Tool},
  author={Hartmut Bohnacker, Benedikt Gro√ü, Julia Laub, Claudius Lazzeroni},
  howpublished={\url{http://www.generative-gestaltung.de/M\_5\_5\_01\_TOOL}},
  year={2009}
}

@misc{processing.org,
  title={Processing.org},
  author={Ben Fry and Casey Reas},
  howpublished={\url{http://processing.org}},
}

@misc{hottinger,
  title={XML-Diff-Algorithmen},
  author={Daniel Hottinger and Franziska Meyer},
  howpublished={\url{http://www.infsec.ethz.ch/education/projects/archive/XMLDiffReport.pdf}},
}

@misc{hadoop,
  title={Apache Hadoop},
  author={Hadoop Project Management Committee},
  howpublished={\url{http://hadoop.apache.org}},
}
