@inproceedings{chawathe1996change,
  title={Change detection in hierarchically structured information},
  author={Chawathe, S.S. and Rajaraman, A. and Garcia-Molina, H. and Widom, J.},
  booktitle={Proceedings of the 1996 ACM SIGMOD international conference on Management of data},
  pages={493--504},
  year={1996},
  organization={ACM}
}
